<?xml version="1.0" encoding="UTF-8"?><collection xmlns="http://www.loc.gov/MARC21/slim"><record><leader>00499nam--2200181-i-4500</leader><controlfield tag="001">000046518</controlfield><controlfield tag="002">20161230</controlfield><controlfield tag="005">20161230201046</controlfield><controlfield tag="008">060222s1000------------r-----000-0-fre-d</controlfield><datafield ind1=" " ind2=" " tag="040"><subfield code="a">IFIN-HH</subfield></datafield><datafield ind1=" " ind2=" " tag="041"><subfield code="a">fre</subfield></datafield><datafield ind1=" " ind2=" " tag="080"><subfield code="a">523.4-852(043)</subfield></datafield><datafield ind1="1" ind2=" " tag="100"><subfield code="a">U Win, Tin</subfield></datafield><datafield ind1="1" ind2="0" tag="245"><subfield code="a">Etude de l`influence de la frequence sur la propagation transhorizon dans la troposphere</subfield><subfield code="b">These</subfield><subfield code="c">U win tin</subfield></datafield><datafield ind1=" " ind2=" " tag="260"><subfield code="a">Paris</subfield><subfield code="b">Universite</subfield><subfield code="c">1972</subfield></datafield><datafield ind1=" " ind2=" " tag="500"><subfield code="a">69p</subfield></datafield><datafield ind1=" " ind2=" " tag="852"><subfield code="a">74102</subfield><subfield code="c">523</subfield></datafield><datafield ind1=" " ind2=" " tag="CAT"><subfield code="a">Sys</subfield><subfield code="c">20141208</subfield><subfield code="h">153810</subfield></datafield></record></collection>